@ONLINE{libsdd,
author = {Hamez, Alexandre},
title = {libsdd : A model Checking Library},
month = Semptember,
year = {2012},
url = {https://github.com/ahamez/libsdd}
}